%% This BibTeX bibliography file was created using BibDesk.
%% http://bibdesk.sourceforge.net/

%% Created for Jordi Casas Roma at 2018-05-29 18:21:49 +0200 

%% Saved with string encoding Unicode (UTF-8) 

@article{Sweeney:2002,
	Acmid = {774552},
	Address = {River Edge, NJ, USA},
	Author = {Sweeney, Latanya},
	Date-Modified = {2011-02-01 10:41:02 +0100},
	Doi = {10.1142/S0218488502001648},
	Issn = {0218-4885},
	Issue = {5},
	Journal = {Int. J. Uncertain. Fuzziness Knowl.-Based Syst.},
	Keywords = {data anonymity, data fusion, data privacy, privacy, re-identification},
	Month = {October},
	Numpages = {14},
	Pages = {557--570},
	Publisher = {World Scientific Publishing Co., Inc.},
	Title = {k-anonymity: a model for protecting privacy},
	Url = {http://portal.acm.org/citation.cfm?id=774544.774552},
	Volume = {10},
	Year = {2002},
	Bdsk-Url-1 = {http://portal.acm.org/citation.cfm?id=774544.774552},
	Bdsk-Url-2 = {http://dx.doi.org/10.1142/S0218488502001648}}




@misc{iag,
    title={Generative Artificial Intelligence: A Systematic Review and Applications}, 
    author={Sandeep Singh Sengar and Affan Bin Hasan and Sanjay Kumar and Fiona Carroll},
    year={2024},
    eprint={2405.11029},
    archivePrefix={arXiv},
    primaryClass={cs.LG},
    url={https://arxiv.org/abs/2405.11029}
}


@article{webscraping,
	Author = { Laia Subirats Maté and Mireia Calvo González.},
	Journal = {Editorial UOC.},
	Keywords = {data anonymity, data fusion, data privacy, privacy, re-identification},
	Title = {Web scraping},
	Year = {2019}
}


@article{Khurana_2022,
    title={Natural language processing: state of the art, current trends and challenges},
    volume={82},
    ISSN={1573-7721},
    url={http://dx.doi.org/10.1007/s11042-022-13428-4},
    DOI={10.1007/s11042-022-13428-4},
    number={3},
    journal={Multimedia Tools and Applications},
    publisher={Springer Science and Business Media LLC},
    author={Khurana, Diksha and Koli, Aditya and Khatter, Kiran and Singh, Sukhdev},
    year={2022},
    month=jul, pages={3713–3744} }


@inproceedings{Oates2005ResearchingIS,
    title={Researching Information Systems and Computing},
    author={Briony June Oates},
    year={2005},
    url={https://api.semanticscholar.org/CorpusID:61106534}
}


@misc{cdti,
    title={Centro para el Desarrollo Tecnológico y la Innovación, https://www.cdti.es/}, 
    url={https://www.cdti.es}
}


@misc{spri,
    title={Grupo SPRI, https://www.spri.eus/es}, 
    url={https://www.spri.eus/es}
}


@misc{sodercan,
    title={Sociedad para el desarrollo ragional de Cantabria, https://ayudas.sodercan.es/ayudas}, 
    url={https://ayudas.sodercan.es/ayudas}
}


@misc{ayudasgob,
    title={Portal de ayudas del Ministerio para la Transofrmación Digital y de la Función Pública, https://portalayudas.digital.gob.es/Paginas/convocatorias-ayudas.aspx}, 
    url={https://portalayudas.digital.gob.es/Paginas/convocatorias-ayudas.aspx}
}


@misc{atrade,
    title={Andalucía Trade, https://www.andaluciatrade.es/financiacion-empresarial/incentivos-para-las-empresas/}, 
    url={https://www.andaluciatrade.es/financiacion-empresarial/incentivos-para-las-empresas/}
}


@misc{fandit,
    title={Fandit, https://fandit.es/}, 
    url={https://fandit.es/}
}


@misc{opengrants,
    title={OpenGrants/opengrants.io},
    url={https://opengrants.io}
}


@inbook{inbook,
author = {Lotfi, Chaimaa and Srinivasan, Swetha and Ertz, Myriam and Latrous, Imen},
year = {2021},
month = {01},
pages = {381-394},
title = {Web Scraping Techniques and Applications: A Literature Review},
isbn = {9789391842086},
doi = {10.52458/978-93-91842-08-6-38}
}

@article{miningweb,
    author={Asikri, M. El and Krit, S. and Chaib, H. and Kabrane, M. and Ouadani, H. and Karimi, K. and Bendaouad, K. and Elbousty, H.},
    booktitle={2017 International Conference on Engineering & MIS (ICEMIS)}, 
    title={Mining the Web for learning ontologies: State of art and critical review}, 
    year={2017},
    volume={},
    number={},
    pages={1-7},
    keywords={Ontologies;Semantic Web;Web pages;Web mining;Data models;Semantics;Semantic Web;Web Mining;ontology;Konwledge discovery;ontology learning},
    doi={10.1109/ICEMIS.2017.8273103}
}

@article{domparsing,
	author = {Asikri¹, M and Krit, S and Chaib, Hassan and Salah-ddine, Krit},
	year = {2020},
	month = {10},
	pages = {433-442},
	title = {Using Web Scraping In A Knowledge Environment To Build Ontologies Using Python And Scrapy},
	volume = {7},
	journal = {European Journal of Translational and Clinical Medicine}
}

@article{Gunawan,
    title={Comparison of Web Scraping Techniques : Regular Expression, HTML DOM and Xpath},
    author={Rohmat Gunawan and Alam Rahmatulloh and Irfan Darmawan and Firman Firdaus},
    year={2019/03},
    booktitle={Proceedings of the 2018 International Conference on Industrial Enterprise and System Engineering (IcoIESE 2018)},
    pages={283-287},
    issn={2589-4943},
    isbn={978-94-6252-689-1},
    url={https://doi.org/10.2991/icoiese-18.2019.50},
    doi={10.2991/icoiese-18.2019.50},
    publisher={Atlantis Press}
}


@misc{oreilywebacraping,
    title={Web scraping with Python: Collecting more data from the modern web. O'Reilly Media, Inc.}, 
    author={Mitchell, R. (2018)},
    year={2018}
}


@article{asikri,
    author={Asikri, M. El and Krit, S. and Chaib, H. and Kabrane, M. and Ouadani, H. and Karimi, K. and Bendaouad, K. and Elbousty, H.},
    booktitle={2017 International Conference on Engineering & MIS (ICEMIS)}, 
    title={Mining the Web for learning ontologies: State of art and critical review}, 
    year={2017},
    volume={},
    number={},
    pages={1-7},
    keywords={Ontologies;Semantic Web;Web pages;Web mining;Data models;Semantics;Semantic Web;Web Mining;ontology;Konwledge discovery;ontology learning},
    doi={10.1109/ICEMIS.2017.8273103}
}


@article{9274270,
    author={Lunn, Stephanie and Zhu, Jia and Ross, Monique},
    booktitle={2020 IEEE Frontiers in Education Conference (FIE)}, 
    title={Utilizing Web Scraping and Natural Language Processing to Better Inform Pedagogical Practice}, 
    year={2020},
    volume={},
    number={},
    pages={1-9},
    keywords={Natural language processing;Knowledge engineering;Python;Education;Tools;Task analysis;Market research;Web scraping;natural language processing;computing research;data acquisition},
    doi={10.1109/FIE44824.2020.9274270}
}


@article{9142938,
    author={Manjari, K Usha and Rousha, Syed and Sumanth, Dasi and Sirisha Devi, J},
    booktitle={2020 4th International Conference on Trends in Electronics and Informatics (ICOEI)(48184)}, 
    title={Extractive Text Summarization from Web pages using Selenium and TF-IDF algorithm}, 
    year={2020},
    volume={},
    number={},
    pages={648-652},
    keywords={Web pages;Selenium;Data mining;Conferences;Market research;Informatics;Task analysis;summarization;web pages;selenium;Term Frequency-Inverse Document Frequency (TF-IDF) algorithm;extractive},
    doi={10.1109/ICOEI48184.2020.9142938}
}


@inbook{nlpstate,
    title={Natural language processing: state of the art, current trends and challenges}, 
    author={Khurana, D., Koli, A., Khatter, K. et al.},
    year={2023}
}